<?xml version="1.0" encoding="UTF-8" ?>
<collection xmlns:xsi="http://www.w3.org/2001/XMLSchema-instance" xsi:schemaLocation="http://www.loc.gov/MARC21/slim http://www.loc.gov/standards/marcxml/schema/MARC21slim.xsd" xmlns="http://www.loc.gov/MARC21/slim">
   <record>
      <leader>     cam a22      a 4500</leader>
      <controlfield tag="001">7070811</controlfield>
      <controlfield tag="003">NIC</controlfield>
      <controlfield tag="005">20130331104024.0</controlfield>
      <controlfield tag="008">861110s1977    ir h          000 0 arard</controlfield>
      <datafield tag="010" ind1=" " ind2=" ">
         <subfield code="a">   85186770 </subfield>
      </datafield>
      <datafield tag="029" ind1="1" ind2=" ">
         <subfield code="a">ZWZ</subfield>
         <subfield code="b">042668859</subfield>
      </datafield>
      <datafield tag="035" ind1=" " ind2=" ">
         <subfield code="a">7070811</subfield>
      </datafield>
      <datafield tag="035" ind1=" " ind2=" ">
         <subfield code="a">(OCoLC)185066115</subfield>
      </datafield>
      <datafield tag="040" ind1=" " ind2=" ">
         <subfield code="a">PAU</subfield>
         <subfield code="c">PAU</subfield>
         <subfield code="d">OCLCG</subfield>
         <subfield code="d">CUY</subfield>
         <subfield code="d">LEILA</subfield>
      </datafield>
      <datafield tag="049" ind1=" " ind2=" ">
         <subfield code="a">COOO</subfield>
      </datafield>
      <datafield tag="050" ind1="0" ind2="4">
         <subfield code="a">BP166</subfield>
         <subfield code="b">.B25 1977</subfield>
      </datafield>
      <datafield tag="100" ind1="1" ind2=" ">
         <subfield code="a">Baḥrānī, Maytham ibn ʻAlī,</subfield>
         <subfield code="d">-1280?</subfield>
      </datafield>
      <datafield tag="245" ind1="1" ind2="0">
         <subfield code="a">Qawāʻid al-marām fī ʻilm al-kalām /</subfield>
         <subfield code="c">taṣnīf Kamāl al-Dīn Maytham ibn ʻAlī ibn Maytham al-Baḥrānī.</subfield>
      </datafield>
      <datafield tag="250" ind1=" " ind2=" ">
         <subfield code="a">al-Ṭabʻah 1.</subfield>
      </datafield>
      <datafield tag="260" ind1=" " ind2=" ">
         <subfield code="a">[Qum :</subfield>
         <subfield code="b">Kitābkhānah-i ʻUmūmī-i Āyat Allāh al-ʻUẓmá Marʻashī Najafī,</subfield>
         <subfield code="c">1398 [1977 or 1978]</subfield>
      </datafield>
      <datafield tag="300" ind1=" " ind2=" ">
         <subfield code="a">298 p. :</subfield>
         <subfield code="b">facsims. ;</subfield>
         <subfield code="c">25 cm.</subfield>
      </datafield>
      <datafield tag="490" ind1="1" ind2=" ">
         <subfield code="a">Min makhṭūṭāt Maktabat Āyat Allāh al-Marʻashī al-ʻĀmmah ;</subfield>
         <subfield code="v">3</subfield>
      </datafield>
      <datafield tag="500" ind1=" " ind2=" ">
         <subfield code="a">Publisher stamped on t.p.</subfield>
      </datafield>
      <datafield tag="650" ind1=" " ind2="0">
         <subfield code="a">Islam</subfield>
         <subfield code="x">Doctrines</subfield>
         <subfield code="x">Early works to 1800.</subfield>
      </datafield>
      <datafield tag="710" ind1="2" ind2=" ">
         <subfield code="a">Kitābkhānah-i ʻUmūmī-i Āyat Allāh al-ʻUẓmá Marʻashī Najafī, Qum.</subfield>
      </datafield>
      <datafield tag="830" ind1=" " ind2="0">
         <subfield code="a">Min makhṭūṭāt Maktabat Āyat Allāh al-Marʻashī al-ʻĀmmah ;</subfield>
         <subfield code="v">3.</subfield>
      </datafield>
      <datafield tag="938" ind1=" " ind2=" ">
         <subfield code="a">Leila Books</subfield>
         <subfield code="b">LEIL</subfield>
         <subfield code="n">41182</subfield>
      </datafield>
      <datafield tag="948" ind1="0" ind2=" ">
         <subfield code="a">20101109</subfield>
         <subfield code="b">i</subfield>
         <subfield code="d">fl31</subfield>
         <subfield code="e">lts</subfield>
         <subfield code="h">appr</subfield>
      </datafield>
      <datafield tag="948" ind1="1" ind2=" ">
         <subfield code="a">20101111</subfield>
         <subfield code="b">f</subfield>
         <subfield code="d">mc256</subfield>
         <subfield code="e">lts</subfield>
      </datafield>
      <datafield tag="994" ind1=" " ind2=" ">
         <subfield code="a">C0</subfield>
         <subfield code="b">COO</subfield>
      </datafield>
      <datafield tag="903" ind1=" " ind2=" ">
         <subfield code="a">NYUACO</subfield>
         <subfield code="d">20140514</subfield>
         <subfield code="p">31924114866159</subfield>
      </datafield>
      <datafield tag="950" ind1=" " ind2=" ">
         <subfield code="a">BP166</subfield>
         <subfield code="b">.B25 1977</subfield>
         <subfield code="v"> </subfield>
      </datafield>
   </record>
</collection>
